@article{zhang2019role,
  title={The role of virtual try-on technology in online purchase decision from consumersâ€™ aspect},
  author={Zhang, Tingting and Wang, William Yu Chung and Cao, Ling and Wang, Yan},
  journal={Internet Research},
  year={2019},
  publisher={Emerald Publishing Limited}
}

@inproceedings{zhang2018unreasonable,
  title={The unreasonable effectiveness of deep features as a perceptual metric},
  author={Zhang, Richard and Isola, Phillip and Efros, Alexei A and Shechtman, Eli and Wang, Oliver},
  booktitle={CVPR},
  pages={586--595},
  year={2018}
}

@inproceedings{salimans2016improved,
  title={Improved techniques for training gans},
  author={Salimans, Tim and Goodfellow, Ian and Zaremba, Wojciech and Cheung, Vicki and Radford, Alec and Chen, Xi},
  booktitle={NeurIPS},
  pages={2234--2242},
  year={2016}
}
@inproceedings{jaderberg2015spatial,
  title={Spatial transformer networks},
  author={Jaderberg, Max and Simonyan, Karen and Zisserman, Andrew and others},
  booktitle={NeurIPS},
  pages={2017--2025},
  year={2015}
}

@inproceedings{ma2017pose,
  title={Pose guided person image generation},
  author={Ma, Liqian and Jia, Xu and Sun, Qianru and Schiele, Bernt and Tuytelaars, Tinne and Van Gool, Luc},
  booktitle={NeurIPS},
  pages={406--416},
  year={2017}
}

@inproceedings{sun2019image,
  title={Image-Based Virtual Try-on Network with Structural Coherence},
  author={Sun, Feng and Guo, Jiaming and Su, Zhuo and Gao, Chengying},
  booktitle={ICIP},
  pages={519--523},
  year={2019}
}

@inproceedings{jae2019viton,
  title={LA-VITON: A Network for Looking-Attractive Virtual Try-On},
  author={Jae Lee, Hyug and Lee, Rokkyu and Kang, Minseok and Cho, Myounghoon and Park, Gunhan},
  booktitle={ICCVW},
  year={2019}
}

@article{jandial2020sievenet,
  title={SieveNet: A Unified Framework for Robust Image-Based Virtual Try-On},
  author={Jandial, Surgan and Chopra, Ayush and Ayush, Kumar and Hemani, Mayur and Kumar, Abhijeet and Krishnamurthy, Balaji},
  journal={arXiv preprint arXiv:2001.06265},
  year={2020}
}

@inproceedings{jetchev2017conditional,
  title={The conditional analogy gan: Swapping fashion articles on people images},
  author={Jetchev, Nikolay and Bergmann, Urs},
  booktitle={ICCVW},
  pages={2287--2292},
  year={2017}
}

@inproceedings{kubo2019uvton,
  title={UVTON: UV Mapping to Consider the 3D Structure of a Human in Image-Based Virtual Try-On Network},
  author={Kubo, Shizuma and Iwasawa, Yusuke and Suzuki, Masahiro and Matsuo, Yutaka},
  booktitle={ICCVW},
  year={2019}
}


@article{Han2017VITONAI,
  title={VITON: An Image-Based Virtual Try-on Network},
  author={Xintong Han and Zuxuan Wu and Zhe Wu and Ruichi Yu and Larry S. Davis},
  journal={CVPR},
  year={2018},
  pages={7543-7552}
}

@inproceedings{Wang2018TowardCI,
  title={Toward Characteristic-Preserving Image-based Virtual Try-On Network},
  author={Bochao Wang and Hongwei Zhang and Xiaodan Liang and Yimin Chen and Liang Lin and Meng Yang},
  booktitle={ECCV},
  year={2018}
}

@InProceedings{Yu_2019_ICCV,
author = {Yu, Ruiyun and Wang, Xiaoqi and Xie, Xiaohui},
title = {VTNFP: An Image-Based Virtual Try-On Network With Body and Clothing Feature Preservation},
booktitle = {ICCV},
month = {October},
year = {2019}
}

@article{Loper2015SMPLAS,
  title={SMPL: a skinned multi-person linear model},
  author={Matthew Loper and Naureen Mahmood and Javier Romero and Gerard Pons-Moll and Michael J. Black},
  journal={ACM TOG},
  year={2015},
  volume={34},
  pages={248:1-248:16}
}

@inproceedings{Bogo2016SMPLify,
  author    = {Federica Bogo and
               Angjoo Kanazawa and
               Christoph Lassner and
               Peter V. Gehler and
               Javier Romero and
               Michael J. Black},
  title     = {Keep It {SMPL:} Automatic Estimation of 3D Human Pose and Shape from
               a Single Image},
  booktitle = {ECCV},
  pages     = {561--578},
  year      = {2016}
}

@article{Pavlakos2019ExpressiveBC,
  title={Expressive Body Capture: 3D Hands, Face, and Body From a Single Image},
  author={Georgios Pavlakos and Vasileios Choutas and Nima Ghorbani and Timo Bolkart and Ahmed A. A. Osman and Dimitrios Tzionas and Michael J. Black},
  journal={CVPR},
  year={2019},
  pages={10967-10977}
}

@article{Weng2018PhotoW3,
  title={Photo Wake-Up: 3D Character Animation From a Single Photo},
  author={Chung-Yi Weng and Brian Curless and Ira Kemelmacher-Shlizerman},
  journal={CVPR},
  year={2019},
  pages={5901-5910}
}

@article{BelongieMP02,
  author    = {Serge J. Belongie and
               Jitendra Malik and
               Jan Puzicha},
  title     = {Shape Matching and Object Recognition Using Shape Contexts},
  journal   = {IEEE TPAMI},
  volume    = {24},
  number    = {4},
  pages     = {509--522},
  year      = {2002}
}

@article{Cao2016RealtimeM2,
  title={Realtime Multi-person 2D Pose Estimation Using Part Affinity Fields},
  author={Zhe Cao and Tom{\'a}{\vs} {\vS}imon and Shih-En Wei and Yaser Sheikh},
  journal={CVPR},
  year={2016},
  pages={1302-1310}
}

@article{Liang2018LookIP,
  title={Look into Person: Joint Body Parsing and Pose Estimation Network and a New Benchmark},
  author={Xiaodan Liang and Ke Gong and Xiaohui Shen and Liang Lin},
  journal={IEEE TPAMI},
  year={2018},
  volume={41},
  pages={871-885}
}

@inproceedings{Raj2018SwapNetIB,
  title={SwapNet: Image Based Garment Transfer},
  author={Amit Raj and Patsorn Sangkloy and Huiwen Chang and James Hays and Duygu Ceylan and Jingwan Lu},
  booktitle={ECCV},
  year={2018}
}

@article{Zanfir2018HumanAT,
  title={Human Appearance Transfer},
  author={Mihai Zanfir and Alin-Ionut Popa and Andrei Zanfir and Cristian Sminchisescu},
  journal={CVPR},
  year={2018},
  pages={5391-5399}
}

@inproceedings{Kim2009ImagebasedDU,
  title={Image-based dress up system},
  author={Nari Kim and Jong-Chul Yoon and In-Kwon Lee},
  booktitle={SIGGRAPH},
  year={2009}
}

@article{Cao2018OpenPoseRM,
  title={OpenPose: Realtime Multi-Person 2D Pose Estimation using Part Affinity Fields.},
  author={Zhe Cao and Gines Hidalgo Martinez and Tomas Simon and Shih-En Wei and Yaser Sheikh},
  journal={IEEE TPAMI},
  year={2018}
}

@inproceedings{JaderbergSZK15,
  author    = {Max Jaderberg and
               Karen Simonyan and
               Andrew Zisserman and
               Koray Kavukcuoglu},
  title     = {Spatial Transformer Networks},
  booktitle = {NeurIPS},
  pages     = {2017--2025},
  year      = {2015}
}

@article{Bookstein1989PrincipalWT,
  title={Principal Warps: Thin-Plate Splines and the Decomposition of Deformations},
  author={Fred L. Bookstein},
  journal={IEEE TPAMI},
  year={1989},
  volume={11},
  pages={567-585}
}

@inproceedings{rocco2017convolutional,
  title={Convolutional neural network architecture for geometric matching},
  author={Rocco, Ignacio and Arandjelovic, Relja and Sivic, Josef},
  booktitle={CVPR},
  pages={6148--6157},
  year={2017}
}

@inproceedings{natsume2019siclope,
  title={Siclope: Silhouette-based clothed people},
  author={Natsume, Ryota and Saito, Shunsuke and Huang, Zeng and Chen, Weikai and Ma, Chongyang and Li, Hao and Morishima, Shigeo},
  booktitle={CVPR},
  pages={4480--4490},
  year={2019}
}
